	@unpublished{SophieWilson,
	title = {The Future of Microprocessors},
	author = {Sophie Wilson},
	year = 2018,
	URL = {https://www.youtube.com/watch?v=_9mzmvhwMqw}
	}
